@book{schwindt2015conceptual,
  title={Conceptual Basis of Quantum Mechanics},
  author={Schwindt, J.M.},
  isbn={9783319245263},
  series={Undergraduate Lecture Notes in Physics},
  url={https://books.google.com.sg/books?id=aSbUCgAAQBAJ},
  year={2015},
  publisher={Springer International Publishing}
}

@book{shankar1994principles,
  title={Principles of Quantum Mechanics},
  author={Shankar, R.},
  isbn={9780306447907},
  lccn={94026837},
  url={https://books.google.com.sg/books?id=2zypV5EbKuIC},
  year={1994},
  publisher={Springer}
}

@book{cohen1992quantum,
  title={Quantum Mechanics, 2 Volume Set},
  author={Cohen-Tannoudji, C. and Diu, B. and Laloe, F.},
  isbn={9780471569527},
  url={https://books.google.com.sg/books?id=pWVVAQAACAAJ},
  year={1992},
  publisher={Wiley}
}

@book{zettili2009quantum,
  title={Quantum Mechanics: Concepts and Applications},
  author={Zettili, N.},
  isbn={9780470026786},
  lccn={2008045022},
  url={https://books.google.com.sg/books?id=6jXlpJCSz98C},
  year={2009},
  publisher={Wiley}
}

@book{nielsen_chuang_2010,
  place={Cambridge},
  title={Quantum Computation and Quantum Information: 10th Anniversary Edition},
  DOI={10.1017/CBO9780511976667},
  publisher={Cambridge University Press},
  author={Nielsen, Michael A. and Chuang, Isaac L.},
  year={2010}}
